<?xml version="1.0" encoding="UTF-8"?><collection xmlns="http://www.loc.gov/MARC21/slim"><record><leader>00497nam--2200181-i-4500</leader><controlfield tag="001">000011577</controlfield><controlfield tag="002">20161230</controlfield><controlfield tag="005">20161230201029</controlfield><controlfield tag="008">060222s1000------------r-----000-0-eng-d</controlfield><datafield ind1=" " ind2=" " tag="040"><subfield code="a">IFIN-HH</subfield></datafield><datafield ind1=" " ind2=" " tag="080"><subfield code="a">53(03):801.3.82=590</subfield></datafield><datafield ind1="1" ind2=" " tag="100"><subfield code="a">Andreescu, Ludmila</subfield></datafield><datafield ind1="1" ind2="0" tag="245"><subfield code="a">Dictionar de fizica rus-roman</subfield><subfield code="c">Ludmila andreescu, mariana gavrilas</subfield></datafield><datafield ind1=" " ind2=" " tag="260"><subfield code="a">Bucuresti</subfield><subfield code="b">Editura Tehnica</subfield><subfield code="c">1975</subfield></datafield><datafield ind1=" " ind2=" " tag="300"><subfield code="a">519 P</subfield></datafield><datafield ind1="1" ind2=" " tag="700"><subfield code="a">Gavrilas, Mariana</subfield></datafield><datafield ind1=" " ind2=" " tag="852"><subfield code="a">D.509</subfield><subfield code="c">SLF</subfield></datafield><datafield ind1=" " ind2=" " tag="CAT"><subfield code="a">Sys</subfield><subfield code="c">20130214</subfield><subfield code="h">134403</subfield></datafield></record></collection>